<record><leader>00000cas a2200000 a 4500</leader><controlfield tag="001">33887977</controlfield><controlfield tag="008">951211d19731979caudn ne      0    0eng c</controlfield><datafield ind1=" " ind2=" " tag="010"><subfield code="a">sn 95062213 </subfield></datafield><datafield ind1=" " ind2=" " tag="040"><subfield code="a">CNK</subfield><subfield code="b">eng</subfield><subfield code="c">CNK</subfield><subfield code="d">OCLCQ</subfield><subfield code="d">CNK</subfield><subfield code="d">OCLCQ</subfield><subfield code="d">OCLCF</subfield><subfield code="d">OCLCO</subfield></datafield><datafield ind1="1" ind2=" " tag="029"><subfield code="a">AU@</subfield><subfield code="b">000025874171</subfield></datafield><datafield ind1=" " ind2=" " tag="042"><subfield code="a">pcc</subfield></datafield><datafield ind1=" " ind2=" " tag="043"><subfield code="a">n-us-ca</subfield></datafield><datafield ind1="0" ind2="4" tag="245"><subfield code="a">The times, San Mateo times and daily news leader, the advance star.</subfield></datafield><datafield ind1=" " ind2=" " tag="260"><subfield code="a">San Mateo, Calif. :</subfield><subfield code="b">Amphlett Print. Co.</subfield></datafield><datafield ind1=" " ind2=" " tag="300"><subfield code="a">v.</subfield></datafield><datafield ind1=" " ind2=" " tag="310"><subfield code="a">Daily (except Sun.)</subfield></datafield><datafield ind1="0" ind2=" " tag="362"><subfield code="a">Vol. 73, no. 134 (June 5, 1973)-v. 79, no. 116 (May 15, 1979).</subfield></datafield><datafield ind1=" " ind2=" " tag="500"><subfield code="a">"The Burlingame Advance-star ... permanently suspended on May 30 ... ha[s] been sold to Amphlett Printing Company"--June 5, 1973.</subfield></datafield><datafield ind1=" " ind2=" " tag="530"><subfield code="a">Positive film is available for duplication from:</subfield><subfield code="b">California Newspaper Microfilm Archive;</subfield><subfield code="c">copies may be purchased by the reel; for further information consult the CNMA at:</subfield><subfield code="u">http://cbsr.ucr.edu</subfield></datafield><datafield ind1=" " ind2="0" tag="651"><subfield code="a">San Mateo (Calif.)</subfield><subfield code="v">Newspapers.</subfield></datafield><datafield ind1=" " ind2="7" tag="655"><subfield code="a">Newspapers.</subfield><subfield code="2">fast</subfield><subfield code="0">(OCoLC)fst01423814</subfield></datafield><datafield ind1=" " ind2="7" tag="651"><subfield code="a">California</subfield><subfield code="z">San Mateo.</subfield><subfield code="2">fast</subfield><subfield code="0">(OCoLC)fst01214306</subfield></datafield><datafield ind1=" " ind2=" " tag="752"><subfield code="a">United States</subfield><subfield code="b">California</subfield><subfield code="c">San Mateo</subfield><subfield code="d">San Mateo.</subfield></datafield><datafield ind1="0" ind2="0" tag="780"><subfield code="t">Times, San Mateo times and daily news leader</subfield><subfield code="w">(DLC)sn 95062172</subfield></datafield><datafield ind1="0" ind2="0" tag="785"><subfield code="t">Times (San Mateo, Calif.)</subfield><subfield code="w">(DLC)sn 95052767</subfield></datafield></record>